% Encoding: UTF-8

@Book{micheli2003synthesis,
  title     = {Synthesis \& Optimizatn Of Dig. Circuits},
  publisher = {McGraw-Hill Education (India) Pvt Limited},
  year      = {2003},
  author    = {Micheli, D.},
  series    = {McGraw-Hill series in electrical and computer engineering},
  isbn      = {9780070582781},
  url       = {https://books.google.de/books?id=aNoSUQiCD8MC},
}

@Comment{jabref-meta: databaseType:bibtex;}
